<?xml version="1.0" encoding="UTF-8"?><collection xmlns="http://www.loc.gov/MARC21/slim"><record><leader>00410nam--2200145-i-4500</leader><controlfield tag="001">000011559</controlfield><controlfield tag="002">20161230</controlfield><controlfield tag="005">20161230201029</controlfield><controlfield tag="008">060222s1000------------r-----000-0-eng-d</controlfield><datafield ind1=" " ind2=" " tag="080"><subfield code="a">513.83</subfield></datafield><datafield ind1=" " ind2=" " tag="100"><subfield code="a">Birsan, T., Costinescu,O., Amihaesei, C</subfield></datafield><datafield ind1="1" ind2="0" tag="245"><subfield code="a">Topologie generala. probleme</subfield></datafield><datafield ind1=" " ind2=" " tag="260"><subfield code="a">Bucuresti,Editura Didactica Si Pedagogica, 1974 224p</subfield></datafield><datafield ind1=" " ind2=" " tag="852"><subfield code="a">42850</subfield><subfield code="c">513.83</subfield></datafield><datafield ind1=" " ind2=" " tag="CAT"><subfield code="a">Sys</subfield><subfield code="c">20080609</subfield><subfield code="h">101134</subfield></datafield></record></collection>